

@INPROCEEDINGS{1522735,
author={Allier, E. and Goulier, J. and Sicard, G. and Dezzani, A. and Andre, E. and Renaudin, M.},
booktitle={Low Power Electronics and Design, 2005. ISLPED '05. Proceedings of the 2005 International Symposium on},
title={A 120nm low power asynchronous ADC},
year={2005},
month={aug.},
volume={},
number={},
pages={ 60 - 65},
keywords={ 10 bit; 120 nm; CMOS digital integrated circuits; asynchronous analog-to-digital converter; low power asynchronous ADC; nonuniform sampling scheme; signal sampling frequency; CMOS digital integrated circuits; analogue-digital conversion; asynchronous circuits; integrated circuit design; low-power electronics; signal sampling;},
doi={10.1109/LPE.2005.195486},
ISSN={},}


@INPROCEEDINGS{1595684,
author={Akopyan, F. and Manohar, R. and Apsel, A.B.},
booktitle={Asynchronous Circuits and Systems, 2006. 12th IEEE International Symposium on},
title={A level-crossing flash asynchronous analog-to-digital converter},
year={2006},
month={march},
volume={},
number={},
pages={11 pp. -22},
keywords={160 kHz;180 nm;43 muW;438 muW;5 MHz;LCF-ADC architecture;distributed sensor networks;hand-held electronics;human body implants;level-crossing flash asynchronous analog-to-digital converter;CMOS logic circuits;analogue-digital conversion;asynchronous circuits;logic design;low-power electronics;},
doi={10.1109/ASYNC.2006.5},
ISSN={1522-8681},}


@article{allier2005asynchronous,
  title={Asynchronous level crossing analog to digital converters},
  author={Allier, E. and Sicard, G. and Fesquet, L. and Renaudin, M.},
  journal={Measurement},
  volume={37},
  number={4},
  pages={296--309},
  year={2005},
  publisher={Elsevier}
}


@article{fayed2003high,
  title={A high speed, low voltage CMOS offset comparator},
  author={Fayed, A.A. and Ismail, M.},
  journal={Analog Integrated Circuits and Signal Processing},
  volume={36},
  number={3},
  pages={267--272},
  year={2003},
  publisher={Springer}
}


@inproceedings{lee2002fat,
  title={Fat tree encoder design for ultra-high speed flash A/D converters},
  author={Lee, D. and Yoo, J. and Choi, K. and Ghaznavi, J.},
  booktitle={Circuits and Systems, 2002. MWSCAS-2002. The 2002 45th Midwest Symposium on},
  volume={2},
  pages={II--87},
  year={2002},
  organization={IEEE}
}


@INPROCEEDINGS{5372083,
author={Agarwal, R. and Trakimas, M. and Sonkusale, S.},
booktitle={Biomedical Circuits and Systems Conference, 2009. BioCAS 2009. IEEE},
title={Adaptive asynchronous analog to digital conversion for compressed biomedical sensing},
year={2009},
month={nov.},
volume={},
number={},
pages={69 -72},
keywords={ECG signal compression;adaptive asynchronous analog-digital conversion;asynchronous A-D converter comparison;biomedical signal digitiser;compressed biomedical sensing;fast moving signals;low power low complexity compressed sensing digitiser;slope overload distortion error;synchronous Nyquist rate A-D converter comparison;variable input slope dependent adaptive technique;analogue-digital conversion;biomedical electronics;data compression;electrocardiography;low-power electronics;medical signal processing;},
doi={10.1109/BIOCAS.2009.5372083},
ISSN={},}


@INPROCEEDINGS{4672051,
author={Trakimas, M. and Sonkusale, S.},
booktitle={Custom Integrated Circuits Conference, 2008. CICC 2008. IEEE},
title={A 0.8 V asynchronous ADC for energy constrained sensing applications},
year={2008},
month={sept.},
volume={},
number={},
pages={173 -176},
keywords={CMOS process;adaptive resolution;asynchronous ADC;asynchronous analog-to-digital converter;asynchronous sampling scheme;energy constrained sensing;low-power sensing applications;size 0.18 mum;voltage 0.8 V;CMOS integrated circuits;analogue-digital conversion;sensors;},
doi={10.1109/CICC.2008.4672051},
ISSN={},}


@ARTICLE{4014604,
author={Chen, S.-W.M. and Brodersen, R.W.},
journal={Solid-State Circuits, IEEE Journal of},
title={A 6-bit 600-MS/s 5.3-mW Asynchronous ADC in 0.13- \mu{\hbox {m}} CMOS},
year={2006},
month={dec. },
volume={41},
number={12},
pages={2669 -2680},
keywords={0.13 micron;5.3 mW;6 bit;RF subsampling;asynchronous ADC;asynchronous analog-to-digital converter;asynchronous logic circuits;asynchronous processing;digital CMOS process;digital radix calibration;high-speed conversion;high-speed integrated circuits;medium-resolution conversion;nonbinary successive approximation;series nonbinary capacitive ladder;time-interleaved ADC;CMOS digital integrated circuits;analogue-digital conversion;high-speed integrated circuits;signal sampling;},
doi={10.1109/JSSC.2006.884231},
ISSN={0018-9200},}


@ARTICLE{5378479,
author={Ying-Zu Lin and Soon-Jyh Chang and Yen-Ting Liu and Chun-Cheng Liu and Guan-Ying Huang},
journal={Circuits and Systems I: Regular Papers, IEEE Transactions on},
title={An Asynchronous Binary-Search ADC Architecture With a Reduced Comparator Count},
year={2010},
month={aug. },
volume={57},
number={8},
pages={1829 -1837},
keywords={asynchronous binary-search ADC architecture;comparators;flash ADC;frequency 700 MHz;passive track-and-hold circuit;power consumption;reduced comparator count;reference ladder;reference range prediction;static logic gates;successive approximation;switches;analogue-digital conversion;logic gates;sample and hold circuits;},
doi={10.1109/TCSI.2009.2037403},
ISSN={1549-8328},}


@article{murmann2010adc,
  title={ADC performance survey 1997-2010},
  author={Murmann, B.},
  journal={Online, June},
  year={2010}
}

@INPROCEEDINGS{4672051, 
author={Trakimas, M. and Sonkusale, S.}, 
booktitle={Custom Integrated Circuits Conference, 2008. CICC 2008. IEEE}, 
title={A 0.8 V asynchronous ADC for energy constrained sensing applications}, 
year={2008}, 
pages={173-176}, 
keywords={CMOS integrated circuits;analogue-digital conversion;sensors;CMOS process;adaptive resolution;asynchronous ADC;asynchronous analog-to-digital converter;asynchronous sampling scheme;energy constrained sensing;low-power sensing applications;size 0.18 mum;voltage 0.8 V;Digital signal processing;Energy consumption;Energy resolution;Frequency;Neurons;Sampling methods;Signal design;Signal processing;Signal resolution;Signal sampling}, 
doi={10.1109/CICC.2008.4672051},}


@ARTICLE{5672382, 
author={Trakimas, M. and Sonkusale, S.R.}, 
journal={Circuits and Systems I: Regular Papers, IEEE Transactions on}, 
title={An Adaptive Resolution Asynchronous ADC Architecture for Data Compression in Energy Constrained Sensing Applications}, 
year={2011}, 
volume={58}, 
number={5}, 
pages={921-934}, 
keywords={CMOS integrated circuits;analogue-digital conversion;asynchronous circuits;data compression;quantisation (signal);signal resolution;signal sampling;ADC quantizer resolution;CMOS technology;accelerometer;adaptive resolution asynchronous ADC architecture;analog-to-digital converter;data compression;energy constrained sensing;power 25 muW;signal dependent sampling rate;size 0.18 mum;voltage 0.7 V;Bandwidth;Data compression;Digital signal processing;Dynamic range;Heuristic algorithms;Signal resolution;Signal to noise ratio;Adaptive resolution quantizer;analog-to-digital conversion (ADC);asynchronous sampling;data compression}, 
doi={10.1109/TCSI.2010.2092132}, 
ISSN={1549-8328},}


@ARTICLE{760369, 
author={Abo, A.M. and Gray, P.R.}, 
journal={Solid-State Circuits, IEEE Journal of}, 
title={A 1.5-V, 10-bit, 14.3-MS/s CMOS pipeline analog-to-digital converter}, 
year={1999}, 
volume={34}, 
number={5}, 
pages={599-606}, 
keywords={CMOS integrated circuits;analogue-digital conversion;bootstrap circuits;integrated circuit reliability;low-power electronics;pipeline processing;0.6 micron;1.5 V;10 bit;36 mW;CMOS;MOS switches;bootstrapping technique;device reliability constraints;least significant bit;maximum differential nonlinearity;maximum integral nonlinearity;peak signal-to-noise-and-distortion ratio;pipeline analog-to-digital converter;power consumption;terminal voltages;Analog-digital conversion;CMOS technology;Clocks;Computer architecture;Integrated circuit reliability;Integrated circuit technology;Low voltage;Operational amplifiers;Pipelines;Switches}, 
doi={10.1109/4.760369}, 
ISSN={0018-9200},}


@ARTICLE{5437496, 
author={Chun-Cheng Liu and Soon-Jyh Chang and Guan-Ying Huang and Ying-Zu Lin}, 
journal={Solid-State Circuits, IEEE Journal of}, 
title={A 10-bit 50-MS/s SAR ADC With a Monotonic Capacitor Switching Procedure}, 
year={2010}, 
volume={45}, 
number={4}, 
pages={731-740}, 
keywords={CMOS digital integrated circuits;analogue-digital conversion;capacitor switching;comparators (circuits);low-power electronics;CMOS technology;SAR ADC;SNDR;comparator;figure of merit;input common-mode voltage;low-power successive approximation register analog-to-digital converter;monotonic capacitor switching procedure;power 0.826 mW;signal-dependent offset;size 0.13 mum;voltage 1.2 V;word length 10 bit;Analog-digital conversion;CMOS process;CMOS technology;Capacitance;Capacitors;Energy consumption;Energy efficiency;Power dissipation;Sampling methods;Voltage;Analog-to-digital converter;energy efficient;low power;successive approximation register}, 
doi={10.1109/JSSC.2010.2042254}, 
ISSN={0018-9200},}


@inproceedings{allier2003new,
  title="{A new class of asynchronous A/D converters based on time quantization}",
  author={Allier, Emmanuel and Sicard, Gilles and Fesquet, Laurent and Renaudin, Marc},
  booktitle={IEEE International Symposium on Asynchronous Circuits and Systems},
  pages={196--205},
  year={2003},
}


@article{sayiner1996level,
  title="{A level-crossing sampling scheme for A/D conversion}",
  author={Sayiner, Necip and Sorensen, Henrik V and Viswanathan, Thayamkulangara R},
  journal={IEEE Transactions on Circuits and Systems II: Analog and Digital Signal Processing},
  volume={43},
  pages={335--339},
  year={1996},
  publisher={IEEE}
}

@article{trakimas2011adaptive,
  title="{An adaptive resolution asynchronous ADC architecture for data compression in energy constrained sensing applications}",
  author={Trakimas, Michael and Sonkusale, Sameer R},
  journal={IEEE Transactions on Circuits and Systems I: Regular Papers},
  volume={58},
  pages={921--934},
  year={2011},
  publisher={IEEE}
}


@inproceedings{agarwal2009adaptive,
  title="{Adaptive asynchronous analog to digital conversion for compressed biomedical sensing}",
  author={Agarwal, R and Trakimas, M and Sonkusale, S},
  booktitle={IEEE Biomedical Circuits and Systems Conference},
  pages={69--72},
  year={2009},
}

@inproceedings{allier2005120nm,
  title="{A 120nm low power asynchronous ADC}",
  author={Allier, Emmanuel and Goulier, Julien and Sicard, Gilles and Dezzani, A and Andr{\'e}, Eric and Renaudin, Marc},
  booktitle={ACM International Symposium on Low Power Electronics and Design},
  pages={60--65},
  year={2005},
}


@inproceedings{kurchuk2009signal,
  title="{Signal-dependent variable-resolution quantization for continuous-time digital signal processing}",
  author={Kurchuk, Mariya and Tsividis, Yannis},
  booktitle={IEEE International Symposium on Circuits and Systems},
  pages={1109--1112},
  year={2009},
}






